@article{
	joty2013,
	title={Topic segmentation and labeling in asynchronous conversations},
	author={Shafiq Joty and Giuseppe Carenini and Raymond Ng},
	journal={Journal of Artificial Intelligence Research},
	volume={47},
	number={1},
	pages={521--573},
	year={2013},
	publisher={AI Access Foundation}
}

@article{
	tavafi2013,
	title={Dialogue act recognition in synchronous and asynchronous conversations},
	author={Maryam Tavafi and Yashar Mehdad and Shafiq Joty},
	year={2013},
	publisher={University of British Columbia}
}

@inproceedings{
	lampert2009,
	title={Segmenting email message text into zones},
	author={Andrew Lampert and Robert Dale and C{\'e}cile Paris},
	booktitle={Proceedings of the 2009 Conference on Empirical Methods in Natural Language Processing: Volume 2-Volume 2},
	pages={919--928},
	year={2009},
	organization={Association for Computational Linguistics}
}

@book{
	austin1970,
	author={John L. Austin},
	title={Quand dire c'est faire},
	year={1970},
	publisher={Ã‰ditions du Seuil}
}

@inproceedings{
	cohen2004learning,
	title={Learning to Classify Email into``Speech Acts''.},
	author={Cohen, William W and Carvalho, Vitor R and Mitchell, Tom M},
	booktitle={EMNLP},
	pages={309--316},
	year={2004}
}

@inproceedings{
	poesio1998,
	title={Towards an axiomatization of dialogue acts},
	author={Poesio, Massimo and Traum, David},
	booktitle={Proceedings of the Twente Workshop on the Formal Semantics and Pragmatics of Dialogues (13th Twente Workshop on Language Technology},
	year={1998},
}